@misc{anymal_RL,
      title={Learning to Walk in Minutes Using Massively Parallel Deep Reinforcement Learning}, 
      author={Nikita Rudin and David Hoeller and Philipp Reist and Marco Hutter},
      year={2022},
      eprint={2109.11978},
      archivePrefix={arXiv},
      primaryClass={cs.RO}
}

@misc{RL_Complex_Action_Spaces,
      title={Learning and Planning in Complex Action Spaces}, 
      author={Thomas Hubert and Julian Schrittwieser and Ioannis Antonoglou and Mohammadamin Barekatain and Simon Schmitt and David Silver},
      year={2021},
      eprint={2104.06303},
      archivePrefix={arXiv},
      primaryClass={cs.LG}
}