@article{LASER,
  author       = {Arthur Allshire and
                  Roberto Mart{\'{\i}}n{-}Mart{\'{\i}}n and
                  Charles Lin and
                  Shawn Manuel and
                  Silvio Savarese and
                  Animesh Garg},
  title        = {{LASER:} Learning a Latent Action Space for Efficient Reinforcement
                  Learning},
  journal      = {CoRR},
  volume       = {abs/2103.15793},
  year         = {2021},
  url          = {https://arxiv.org/abs/2103.15793},
  eprinttype    = {arXiv},
  eprint       = {2103.15793},
  timestamp    = {Wed, 07 Apr 2021 15:31:46 +0200},
  biburl       = {https://dblp.org/rec/journals/corr/abs-2103-15793.bib},
  bibsource    = {dblp computer science bibliography, https://dblp.org}
}

@inproceedings{CALM,
	doi = {10.1145/3588432.3591541},
	url = {https://doi.org/10.1145%2F3588432.3591541},
	year = 2023,
	month = {jul},
	publisher = {{ACM}},
	author = {Chen Tessler and Yoni Kasten and Yunrong Guo and Shie Mannor and Gal Chechik and Xue Bin Peng},
	title = {{CALM}: Conditional Adversarial Latent Models~ for Directable Virtual Characters}, 
	booktitle = {Special Interest Group on Computer Graphics and Interactive Techniques Conference Conference Proceedings}
}

@article{Learning_to_Control_in_Operational_Space,
  author =		 "Peters, J. and  Schaal, S.",
  year =		 "2008",
  title =		 "Learning to control in operational space",
  booktitle =		 "International Journal of Robotics Research (IJRR)",
  key =			 "operational space control, learning, em algorithm, redundancy resolution, reinforcement learning",
  URL =			 "https://www.ias.informatik.tu-darmstadt.de/uploads/Team/JanPeters/Learning_to_Control_in_Operational_Space.pdf",
  pages =		 "197-212",
}

@ARTICLE{Motor_Synergy_Learning,
  author={Chai, Jiazheng and Hayashibe, Mitsuhiro},
  journal={IEEE Robotics and Automation Letters}, 
  title={Motor Synergy Development in High-Performing Deep Reinforcement Learning Algorithms}, 
  year={2020},
  volume={5},
  number={2},
  pages={1271-1278},
  doi={10.1109/LRA.2020.2968067}}


@article{Controlling_Assistive_Robots_with_Learned_Latent_Actions,
  author       = {Dylan P. Losey and
                  Krishnan Srinivasan and
                  Ajay Mandlekar and
                  Animesh Garg and
                  Dorsa Sadigh},
  title        = {Controlling Assistive Robots with Learned Latent Actions},
  journal      = {CoRR},
  volume       = {abs/1909.09674},
  year         = {2019},
  url          = {http://arxiv.org/abs/1909.09674},
  eprinttype    = {arXiv},
  eprint       = {1909.09674},
  timestamp    = {Fri, 27 Sep 2019 13:04:21 +0200},
  biburl       = {https://dblp.org/rec/journals/corr/abs-1909-09674.bib},
  bibsource    = {dblp computer science bibliography, https://dblp.org}
}

@misc{Learning_Action_Representations_for_Reinforcement_Learning,
      title={Learning Action Representations for Reinforcement Learning}, 
      author={Yash Chandak and Georgios Theocharous and James Kostas and Scott Jordan and Philip S. Thomas},
      year={2019},
      eprint={1902.00183},
      archivePrefix={arXiv},
      primaryClass={cs.LG}
}

@inproceedings{Half_Cheetah,
author = {Wawrzynski, Pawel},
year = {2007},
month = {10},
pages = {698 - 705},
title = {Learning to Control a 6-Degree-of-Freedom Walking Robot},
isbn = {978-1-4244-0813-9},
doi = {10.1109/EURCON.2007.4400335}
}

@article{PCA,
title = {Principal components analysis (PCA)},
journal = {Computers and Geosciences},
year = {1993},
issn = {0098-3004},
doi = {https://doi.org/10.1016/0098-3004(93)90090-R},
url = {https://www.sciencedirect.com/science/article/pii/009830049390090R},
author = {Andrzej MaÄ‡kiewicz and Waldemar Ratajczak},
}